@online{rails-doctrine,
title = "The Rails Doctrine",
author = "David Heinemeier Hansson",
date = "2016-01-01",
urldate = "2016-12-14",
organization = "Ruby on Rails",
url = "http://rubyonrails.org/doctrine/"
}

@online{gitlab-about,
title = "About",
url = "https://about.gitlab.com",
date = "2016-12-14",
organization = "GitLab"}

@online{django-overview,
title = "Overview",
url = "https://www.djangoproject.com/start/overview/",
date = "2016-12-14",
organization = "Django Software Foundation"}


@online{django-vs-rails,
author = "Bernardo Pires",
title = "Rails vs Django: An In-Depth Technical Comparison",
organization = "Bernardo Pires",
url = "https://bernardopires.com/2014/03/rails-vs-django-an-in-depth-technical-comparison/",
date = "2014-03-25",
urldate = "2017-03-30"}

@online{gem,
title = "What is a Gem?",
date = "2017-03-30",
organization = "RubyGems",
url = "http://guides.rubygems.org/what-is-a-gem"}

@online{ruby-style-guide,
author = "Bozhidar Batsov",
title = "The Ruby Style Guide",
url = "https://github.com/bbatsov/ruby-style-guide",
date = "2017-03-14",
urldate = "2017-03-30"}

@online{rails-style-guide,
author = "Bozhidar Batsov",
title = "The Rails Style Guide",
url = "https://github.com/bbatsov/rails-style-guide",
date = "2017-01-19",
urldate = "2017-02-24"}

@online{postgresql,
title = "About",
organization = "The PostgreSQL Global Development Group",
url = "https://www.postgresql.org/about/",
date = "2016-12-14"
}

@online{what-is-docker,
title = "What is Docker",
url = "https://www.docker.com/what-docker",
organization = "Docker Inc",
date = "2017-01-26"}

@online{user-story,
author = "Scott Ambler",
title = "User Stories: An Agile Introduction",
url = "http://agilemodeling.com/artifacts/userStory.htm",
date = "2014",
urldate = "2016-12-26"}

@online{er,
title = "Entity Relationship Diagram",
organization = "SmartDraw LLC",
url = "https://www.smartdraw.com/entity-relationship-diagram/",
date = "2017-01-12"}

@online{authentication,
author = "Margaret Rouse",
title = "Authentication",
url = "http://searchsecurity.techtarget.com/definition/authentication",
organization = "TechTarget",
date = "2015-02",
urldate = "2017-01-15"
}

@online{devise,
author = "José Valim and Carlos Antônio",
title = "Devise",
organization = "Plataformatec",
url = "https://github.com/plataformatec/devise",
date = "2017-01",
urldate = "2017-01-15"}

@book{rails-tutorial,
author = "Michael Hartl",
date = "2016-11-07",
title = "Ruby on Rails Tutorial (Rails 5)",
url = "https://www.railstutorial.org/book",
urldate = "2017-01-15",
publisher = "Addison Wesley; 4 edition"}

@online{ci,
title = "GitLab Continuous Integration",
url = "https://about.gitlab.com/gitlab-ci/",
organization = "GitLab",
date = "2017-01-19"}
